@article{fardin14,
  title={On the rheology of cats},
  author={Fardin, Marc-Antoine},
  journal={Rheology Bulletin},
  volume={83},
  number={2},
  pages={16--17},
  year={2014}
}
@Online{baderj_dga,
    title={baderj/domain_generation_algorithm},
    author={Bader, Johannes},
    accessed={2024-03-28},
    title={Domain Generating Algorithms},
    url={https://github.com/baderj/domain_generation_algorithms}
}
